

@misc{datasheet,
	title={{IDClassic} 340 Product Datasheet},
	author={{Gemalto N.V.}},
	url={http://webcache.googleusercontent.com/search?q=cache:7iMqALikLXwJ:www.gemalto.com/products/classic_tpc/download/IDClassic340_Product_Datasheet_Dec12.pdf+&cd=1&hl=en&ct=clnk&gl=uk},
	year={2008},
}

@book{rankl2004smart,
	title={Smart card handbook},
	author={Rankl, Wolfgang and Effing, Wolfgang},
	year={2004},
	publisher={John Wiley \& Sons}
}
