@inproceedings{oswald2013side,
  title={Side-channel attacks on the {Yubikey} 2 one-time password generator},
  author={Oswald, David and Richter, Bastian and Paar, Christof},
  booktitle={International Workshop on Recent Advances in Intrusion Detection},
  pages={204--222},
  year={2013},
  organization={Springer}
}

@inproceedings{kunnemann2012yubisecure,
	title={YubiSecure? Formal security analysis results for the {Yubikey} and {YubiHSM}},
	author={K{\"u}nnemann, Robert and Steel, Graham},
	booktitle={International Workshop on Security and Trust Management},
	pages={257--272},
	year={2012},
	organization={Springer}
}

@article{cooper2015interfaces,
	title={Interfaces for Personal Identity Verification---Part 1: {PIV} Card Application Namespace, Data Model and Representation},
	author={Cooper, David and Ferraiolo, Hildegard and Mehta, Ketan and Francomacaro, Salvatore and Chandramouli, Ramaswamy and Mohler, Jason},
	journal={NIST Special Publication},
	volume={800},
	pages={73--4},
	year={2015},
	url={http://nvlpubs.nist.gov/nistpubs/SpecialPublications/NIST.SP.800-73-4.pdf}
}

@article{pkcs11,
	title={{PKCS} \#11 Cryptographic Token Interface Base Specification Version 2.40 Plus Errata 01},
	author={Gleeson, Susan and Zimman, Chris and Griffin, Robert and Hudson, Tim},
	year={2016},
	url={http://docs.oasis-open.org/pkcs11/pkcs11-base/v2.40/pkcs11-base-v2.40.html}
}

@article{openpgp,
	title={Functional Specification of the {OpenPGP} application on {ISO} Smart Card Operating Systems},
	author={Pietig, Achim},
	year={2015},
	url={https://www.g10code.com/docs/openpgp-card-3.0.pdf}
}
